@misc{stl-url,
title = "Left lower limb | Biomechanika 2",
note = "Online, accessed 03-April-2018",
howpublished = "\url{http://biomechanika.fme.vutbr.cz/index.php?option=com_content&view=article&id=72&Itemid=77&lang=en}"
% nowpublished = "\url{http://biomechanika.fme.vutbr.cz/index.php?option=com_content&view=article&id=72&Itemid=77&lang=en}",
}

@Book{scvortsov,
author = "Скворцов, А. В.",
title = "Триангуляция Делоне и её применение",
numpages = 128,
language = "russian",
year = 2002,
}