@BOOK{Golubkov,
author = "Голубков, A. Ю.",
title = "Лекции по вычислительным методам линейной алгебры 2013-2016 г.",
numpages = 162,
language = "russian"
}