@Book{scvortsov,
author = "Скворцов, А. В.",
title = "Триангуляция Делоне и её применение",
numpages = 128,
language = "russian",
year = 2002,
}